@article{Moore1980,
    title = "Rate dependence of counting losses in neutron time-of-flight
        measurements",
    journal = "Nuclear Instruments and Methods",
    volume = "169",
    number = "1",
    pages = "245 - 247",
    year = "1980",
    issn = "0029-554X",
    doi = "https://doi.org/10.1016/0029-554X(80)90129-9",
    url = "http://www.sciencedirect.com/science/article/pii/0029554X80901299",
    author = "M.S. Moore"
}

@article{Phillips1980,
    title = {Neutron total cross section for tritium},
    author = {Phillips, T. W. and Berman, B. L. and Seagrave, J. D.},
    journal = {Phys. Rev. C},
    volume = {22},
    issue = {2},
    pages = {384--396},
    numpages = {0},
    year = {1980},
    month = {Aug},
    publisher = {American Physical Society},
    doi = {10.1103/PhysRevC.22.384},
    url =
    {https://link.aps.org/doi/10.1103/PhysRevC.22.384}
}

@article{Foster1971,
    title = {Neutron Total Cross Sections, 2.5-15 MeV. I. Experimental},
    author = {Foster, D. Graham and Glasgow, Dale W.},
    journal = {Phys. Rev. C},
    volume = {3},
    issue = {2},
    pages = {576--603},
    numpages = {0},
    year = {1971},
    month = {Feb},
    publisher = {American Physical Society},
    doi = {10.1103/PhysRevC.3.576},
    url =
    {https://link.aps.org/doi/10.1103/PhysRevC.3.576}
}


@article{U233Measurement,
    title = {},
    author = {},
    journal = {},
    volume = {},
    issue = {},
    pages = {},
    numpages = {},
    year = {},
    month = {},
    publisher = {},
    doi = {},
    url = {}
}

@article{Vinas2014,
    author="Vi{\~{n}}as, X.
        and Centelles, M.
        and Roca-Maza, X.
        and Warda, M.",
    title="Density dependence of the symmetry energy from neutron skin thickness
        in finite nuclei",
    journal="The European Physical Journal A",
    year="2014",
    month="Feb",
    day="26",
    volume="50",
    number="2",
    pages="27",
    abstract="The density dependence of the symmetry energy around saturation
        density, characterized by the slope parameter L , is studied using
        information provided by the neutron skin thickness in finite nuclei. An
        estimate for L is obtained from experimental data on neutron skins
        extracted from antiprotonic atoms. We also discuss the ability of
        parity-violating elastic electron scattering to obtain information on
        the neutron skin thickness in 208Pb and to constrain the density
        dependence of the nuclear symmetry energy. The size and shape of the
        neutron density distribution of 208Pb predicted by mean-field models is
        briefly addressed. We conclude with a comparative overview of the L
        values predicted by several existing determinations.",
    issn="1434-601X",
    doi="10.1140/epja/i2014-14027-8",
    url="https://doi.org/10.1140/epja/i2014-14027-8"
}

@article{Brown2000,
    title = {Neutron Radii in Nuclei and the Neutron Equation of State},
    author = {Alex Brown, B.},
    journal = {Phys. Rev. Lett.},
    volume = {85},
    issue = {25},
    pages = {5296--5299},
    numpages = {0},
    year = {2000},
    month = {Dec},
    publisher = {American Physical Society},
    doi = {10.1103/PhysRevLett.85.5296},
    url =
    {https://link.aps.org/doi/10.1103/PhysRevLett.85.5296}
}

@article{TypelBrown2001,
    title = {Neutron radii and the neutron equation of state in relativistic
        models},
    author = {Typel, S. and Brown, B. Alex},
    journal = {Phys. Rev. C},
    volume = {64},
    issue = {2},
    pages = {027302},
    numpages = {3},
    year = {2001},
    month = {Jun},
    publisher = {American Physical Society},
    doi = {10.1103/PhysRevC.64.027302},
    url =
    {https://link.aps.org/doi/10.1103/PhysRevC.64.027302}
}

@article{Horowitz2001,
    title = {Neutron Star Structure and the Neutron Radius of $^{208}Pb$},
    author = {Horowitz, C. J. and Piekarewicz, J.},
    journal = {Phys. Rev. Lett.},
    volume = {86},
    issue = {25},
    pages = {5647--5650},
    numpages = {0},
    year = {2001},
    month = {Jun},
    publisher = {American Physical Society},
    doi = {10.1103/PhysRevLett.86.5647},
    url =
    {https://link.aps.org/doi/10.1103/PhysRevLett.86.5647}
}

@article{Fattoyev2012,
    title = {Neutron skins and neutron stars},
    author = {Fattoyev, F. J. and Piekarewicz, J.},
    journal = {Phys. Rev. C},
    volume = {86},
    issue = {1},
    pages = {015802},
    numpages = {11},
    year = {2012},
    month = {Jul},
    publisher = {American Physical Society},
    doi = {10.1103/PhysRevC.86.015802},
    url =
    {https://link.aps.org/doi/10.1103/PhysRevC.86.015802}
}

@article{McVoy1967,
    title = "Giant resonances and neutron-nucleus total cross sections",
    journal = "Annals of Physics",
    volume = "43",
    number = "1",
    pages = "91-125",
    year = "1967",
    issn = "0003-4916",
    doi = "https://doi.org/10.1016/0003-4916(67)90293-X",
    url = "http://www.sciencedirect.com/science/article/pii/000349166790293X",
    author = "K.W McVoy"
}

@article{Mahzoon2017,
    title = {Neutron Skin Thickness of $^{48}\mathrm{Ca}$ from a Nonlocal
        Dispersive Optical-Model Analysis},
    author = {Mahzoon, M. H. and Atkinson, M. C. and Charity, R. J. and
        Dickhoff, W. H.},
    journal = {Phys. Rev. Lett.},
    volume = {119},
    issue = {22},
    pages = {222503},
    numpages = {5},
    year = {2017},
    month = {Nov},
    publisher = {American Physical Society},
    doi = {10.1103/PhysRevLett.119.222503},
    url =
    {https://link.aps.org/doi/10.1103/PhysRevLett.119.222503}
}

@techreport{Perey1972,
    title={{Test of Neutron Total Cross-Section Evaluations from 0.2 to 20 MeV for C, O, Al, Si, Ca,
    Fe, and SiO}},
    author={Perey, F.G and Love, T. A. and Kinney, W. E.},
    series={Oak Ridge National Lab. Reports},
    institution={Oak Ridge National Lab},
    year={1972},
    number={4823}
}

@article{Finlay1993,
    title="Neutron Total Cross Sections at Intermediate Energies",
    author={Finlay, R. W. and Abfalterer, W. P. and Fink, G.
        and Montei, E. and Adami, T. and Lisowski, P. W. and
            Morgan, G. L. and Haight, R. C. },
    journal={Physical Review, Part C, Nuclear Physics},
    volume={47},
    pages={237},
    year={1993},
    doi={10.1103/PhysRevC.47.237},
    URL={http://dx.doi.org/10.1103/PhysRevC.47.237}
}

@article{Vaughn1965,
    title="The Total Neutron Cross Section of O$^{18}$ from 0.14 to
        2.47 MeV",
    author={Vaughn, F. J. and Grench, H. A. and Imhof, W. L.
        and Rowland, J. H. and Walt, M. },
    journal={Nuclear Physics},
    volume={64},
    pages={336},
    year={1965},
    doi={10.1016/0029-5582(65)90361-5},
    URL={http://dx.doi.org/10.1016/0029-5582(65)90361-5}
}

@article{Salisbury1965,
    title="The Total Neutron Cross Section Of O$^{18}$ From 2.45 To
        19.0 Mev",
    author={Salisbury, S. R. and Fossan, D. B. and Vaughn, F. J.
    },
    journal={Nuclear Physics},
    volume={64},
    pages={343},
    year={1965},
    doi={10.1016/0029-5582(65)90362-7},
    URL={http://dx.doi.org/10.1016/0029-5582(65)90362-7}
}

@article{Abfalterer2001,
    title="Measurement of Neutron Total Cross Sections up to 560
        MeV",
    author={Abfalterer, W. P. and Bateman, F. B. and Dietrich, F.
        S. and Finlay, R. W. and Haight, R. C. and Morgan, G. L.
    },
    journal={Physical Review, Part C, Nuclear Physics},
    volume={63},
    pages={044608},
    year={2001},
    doi={10.1103/PhysRevC.63.044608},
    URL={http://dx.doi.org/10.1103/PhysRevC.63.044608}
}

@article{Harvey1985,
    title="Single-Particle 2d$_{5/2}$ Strength in the $^{48}$Ca + n
        Reaction",
    author={Harvey, J. A. and Johnson, C. H. and Carlton, R. F.
        and Castel, B. },
    journal={Physical Review, Part C, Nuclear Physics},
    volume={32},
    pages={1114},
    year={1985},
    doi={10.1103/PhysRevC.32.1114},
    URL={http://dx.doi.org/10.1103/PhysRevC.32.1114}
}

@article{Shane2010,
    title="Total neutron cross-sections for rare isotopes using a
        digital-signal-processing technique: Case study $^{48}$Ca",
    author={Shane, R. and Charity, R. J. and Elson, J. M. and
        Sobotka, L. G. and Devlin, M. and Fotiades, N. and
            O`Donnell, J. M. },
    journal={Nucl. Instrum. Methods in Physics Res., Sect.A},
    volume={614},
    pages={468},
    year={2010},
    doi={10.1016/j.nima.2010.01.005},
    URL={http://dx.doi.org/10.1016/j.nima.2010.01.005}
}

@article{Perey1993,
    title="$^{58}$Ni + n Transmission, Differential Elastic
        Scattering, and Capture Measurements and Analysis up to 813
        keV",
    author={Perey, C. M. and Perey, F. G. and Harvey, J. A. and
        Hill, N. W. and Larson, N. M. and Macklin, R. L. and
            Larson, D. C. },
    journal={Physical Review, Part C, Nuclear Physics},
    volume={47},
    pages={1143},
    year={1993},
    doi={10.1103/PhysRevC.47.1143},
    URL={http://dx.doi.org/10.1103/PhysRevC.47.1143}
}

@techreport{Perey1993TechReport,
    note={Oak Ridge National Lab.
        technical memo},
    series={ORNL-TM},
    year={1988},
    number={108411},
    misc={EXFOR.12972:Ref.2}
}

@techreport{Perey1993ENDF,
    note={Evaluated Nuclear
        Data File (ENDF)
            Reports},
    series={ENDF},
    year={1988},
    number={347},
    misc={EXFOR.12972:Ref.3}
}

@article{Dukarevich1967,
    title="Total Neutron Cross Sections Of Isotopes And The
        Isobaric Spin Term Of Nuclear Potential",
    author={Dukarevich, Y. V. and Dyumin, A. N. and Kaminker, D.
        M. },
    journal={Nuclear Physics, Section A},
    volume={92},
    pages={433},
    year={1967},
    number={2},
    doi={10.1016/0375-9474(67)90228-X},
    URL={http://dx.doi.org/10.1016/0375-9474(67)90228-X}
}

@article{Timokhov1989,
    title="Neutron Capture,Total Cross Sections and Average
        Resonance Parametersfor Tin Isotopes",
    author={Timokhov, V. M. and Bokhovko, M. V. and Isakov, A. G.
        and Kazakov, L. E. and Kononov, V. N. and Manturov, G. N.
            and Poletaev, E. D. and Pronyaev, V. G. },
    journal={Yadernaya Fizika},
    volume={50},
    pages={609},
    year={1989},
    number={3},
    misc={EXFOR.40960:Ref.2}
}

@article{Harper1982,
    title="Interaction of Neutrons with Even-A Tin Isotopes. I.
        Total Cross Section for E(n) = 0.3-5.0 MeV",
    author={Harper, R. W. and Godfrey, T. W. and Weil, J. L. },
    journal={Physical Review, Part C, Nuclear Physics},
    volume={26},
    pages={1432},
    year={1982},
    doi={10.1103/PhysRevC.26.1432},
    URL={http://dx.doi.org/10.1103/PhysRevC.26.1432}
}

@article{Rapaport1980,
    title="Neutron Elastic Scattering from
        $^{116}$,$^{118}$,$^{120}$,$^{122}$,$^{124}$Sn",
    author={Rapaport, J. and Mirzaa, M. and Hadizadeh, M. and
        Bainum, D. E. and Finlay, R. W. },
    journal={Nuclear Physics, Section A},
    volume={341},
    pages={56},
    year={1980},
    doi={10.1016/0375-9474(80)90361-9},
    URL={http://dx.doi.org/10.1016/0375-9474(80)90361-9}
}

@phdthesis{Mirzaa1978,
    note={Thesis or dissertation},
    year={1978},
    misc={EXFOR.10817:Ref.2}
}

@article{Carlton2003,
    title="Neutron resonance spectroscopy for n+$^{204}$Pb: Total
        and differential elastic scattering cross sections",
    author={Carlton, R. F. and Harvey, J. A. and Hill, N. W. },
    journal={Physical Review, Part C, Nuclear Physics},
    volume={67},
    pages={024601},
    year={2003},
    doi={10.1103/PhysRevC.67.024601},
    URL={http://dx.doi.org/10.1103/PhysRevC.67.024601}
}

@book{Satchler1980,
    title="Introduction to Nuclear Reactions",
    author={Satchler, G. R},
    year={1980},
    publisher={John Wiley And Sons},
}

@article{Fernbach1949,
    title = {The Scattering of High Energy Neutrons by Nuclei},
    author = {Fernbach, S. and Serber, R. and Taylor, T. B.},
    journal = {Phys. Rev.},
    volume = {75},
    issue = {9},
    pages = {1352--1355},
    numpages = {0},
    year = {1949},
    month = {May},
    publisher = {American Physical Society},
    doi = {10.1103/PhysRev.75.1352},
    url =
    {https://link.aps.org/doi/10.1103/PhysRev.75.1352}
}

@article{Lawson1953,
    author = {J.D.  Lawson},
    title = {A diffraction effect illustrating the transparency of nuclei to
        high energy neutrons},
    journal = {The London, Edinburgh, and Dublin Philosophical Magazine and
        Journal of Science},
    volume = {44},
    number = {348},
    pages = {102-103},
    year  = {1953},
    publisher = {Taylor and Francis},
    doi = {10.1080/14786440108520280},
    URL = { 
https://doi.org/10.1080/14786440108520280
    }
}

@article{Peterson1962,
    title = {Neutron Giant Resonances - Nuclear Ramsauer Effect},
    author = {Peterson, J. M.},
    journal = {Phys. Rev.},
    volume = {125},
    issue = {3},
    pages = {955--963},
    numpages = {0},
    year = {1962},
    month = {Feb},
    publisher = {American Physical Society},
    doi = {10.1103/PhysRev.125.955},
    url =
    {https://link.aps.org/doi/10.1103/PhysRev.125.955}
}

@article{Feshbach1949,
    title = {A Schematic Theory of Nuclear Cross Sections},
    author = {Feshbach, H. and Weisskopf, V. F.},
    journal = {Phys. Rev.},
    volume = {76},
    issue = {11},
    pages = {1550--1560},
    numpages = {0},
    year = {1949},
    month = {Dec},
    publisher = {American Physical Society},
    doi = {10.1103/PhysRev.76.1550},
    url =
    {https://link.aps.org/doi/10.1103/PhysRev.76.1550}
}

@article{Feshbach1958,
    author = { H Feshbach },
    title = {The Optical Model and Its Justification},
    journal = {Annual Review of Nuclear Science},
    volume = {8},
    number = {1},
    pages = {49-104},
    year = {1958},
    doi = {10.1146/annurev.ns.08.120158.000405},

    URL = { 
https://doi.org/10.1146/annurev.ns.08.120158.000405
    }
}

@article{Anderson1990,
    title = {Nuclear Ramsauer effect and the isovector potential},
    author = {Anderson, J. D. and Grimes, S. M.},
    journal = {Phys. Rev. C},
    volume = {41},
    issue = {6},
    pages = {2904--2910},
    numpages = {0},
    year = {1990},
    month = {Jun},
    publisher = {American Physical Society},
    doi = {10.1103/PhysRevC.41.2904},
    url =
    {https://link.aps.org/doi/10.1103/PhysRevC.41.2904}
}

@article{Gould1986,
    title = {Spin-Spin Potentials in
        $^{27}\mathrm{Al}_{\mathrm{pol}}+{n}_{\mathrm{pol}}$ and the Nuclear
            Ramsauer Effect},
    author = {Gould, C. R. and Haase, D. G. and Seagondollar, L. W. and
        Soderstrum, J. P. and Nash, K. E. and Schneider, M. B. and Roberson,
        N. R.},
    journal = {Phys. Rev. Lett.},
    volume = {57},
    issue = {19},
    pages = {2371--2374},
    numpages = {0},
    year = {1986},
    month = {Nov},
    publisher = {American Physical Society},
    doi = {10.1103/PhysRevLett.57.2371},
    url =
    {https://link.aps.org/doi/10.1103/PhysRevLett.57.2371}
}

@article{Hodgson1967,
    title = "The complex symmetry term in the nucleon optical potential",
    journal = "Nuclear Physics A",
    volume = "103",
    number = "1",
    pages = "127 - 133",
    year = "1967",
    issn = "0375-9474",
    doi = "https://doi.org/10.1016/0375-9474(67)90792-0",
    url = "http://www.sciencedirect.com/science/article/pii/0375947467907920",
    author = "P.E. Hodgson"
}

@article{Satchler1967,
    title = "Evidence for a complex symmetry term in the optical potential for
        nucleons",
    journal = "Nuclear Physics A",
    volume = "91",
    number = "1",
    pages = "75-84",
    year = "1967",
    issn = "0375-9474",
    doi = "https://doi.org/10.1016/0375-9474(67)90451-4",
    url = "http://www.sciencedirect.com/science/article/pii/0375947467904514",
    author = "G.R. Satchler"
}

@article{Mohr1955,
    author={C B O Mohr},
    title={The Mean Free Path of Slow Neutrons in Nuclear Matter},
    journal={Proceedings of the Physical Society. Section A},
    volume={68},
    number={4},
    pages={340},
    url={http://stacks.iop.org/0370-1298/68/i=4/a=410},
    year={1955},
    abstract={}
}

@article{Mahzoon2014,
    title = {Forging the Link between Nuclear Reactions and Nuclear
        Structure},
    author = {Mahzoon, M. H. and Charity, R. J. and Dickhoff, W. H. and
        Dussan, H. and Waldecker, S. J.},
    journal = {Phys. Rev. Lett.},
    volume = {112},
    issue = {16},
    pages = {162503},
    numpages = {5},
    year = {2014},
    month = {Apr},
    publisher = {American Physical Society},
    doi = {10.1103/PhysRevLett.112.162503},
    url =
    {https://link.aps.org/doi/10.1103/PhysRevLett.112.162503}
}

@article{Mueller2011,
    title = {Asymmetry dependence of nucleon correlations in spherical nuclei
        extracted from a dispersive-optical-model analysis},
    author = {Mueller, J. M. and Charity, R. J. and Shane, R. and Sobotka,
        L. G. and Waldecker, S. J. and Dickhoff, W. H. and Crowell, A. S.
            and Esterline, J. H. and Fallin, B. and Howell, C. R. and
            Westerfeldt, C. and Youngs, M. and Crowe, B. J. and Pedroni, R.
            S.},
    journal = {Phys. Rev. C},
    volume = {83},
    issue = {6},
    pages = {064605},
    numpages = {32},
    year = {2011},
    month = {Jun},
    publisher = {American Physical Society},
    doi = {10.1103/PhysRevC.83.064605},
    url =
    {https://link.aps.org/doi/10.1103/PhysRevC.83.064605}
}

@phdthesis{MahzoonPhDThesis,
    author={Mahzoon,Mohammadhossein},
    year={2015},
    title={{Implications of a Fully Nonlocal Implementation of the Dispersive
        Optical Model}},
    school={Washington University in St Louis},
    pages={142},
    isbn={9781339293509},
    language={English},
    url={http://libproxy.wustl.edu/login?url=https://search.proquest.com/docview/1749780826?accountid=15159},
} 

@article{Abfalterer2000,
    title = {Level widths and level densities of nuclei in the
        $32<A<60$ mass region inferred from fluctuation analysis of
            total neutron cross sections},
    author = {Abfalterer, W. P. and Finlay, R. W. and Grimes, S. M.},
    journal = {Phys. Rev. C},
    volume = {62},
    issue = {6},
    pages = {064312},
    numpages = {21},
    year = {2000},
    month = {Nov},
    publisher = {American Physical Society},
    doi = {10.1103/PhysRevC.62.064312},
    url =
    {https://link.aps.org/doi/10.1103/PhysRevC.62.064312}
}

@techreport{Schwartz1974,
    title={{MeV total neutron cross sections}},
    author={Schwartz, R. B. and Schrack, R. A. and Heaton II, H. T.},
    institution={National Bureau of Standards},
    series={NBS-MONO},
    year={1974},
    number={138}
}

@techreport{Poenitz1983,
    title={{NEUTRON TOTAL CROSS SECTION MEASUREMENTS IN THE ENERGY REGION FROM
        47 KEV TO 20 MEV}},
    author={Poenitz, W. P. and Whalen, J. F. },
    institution={Argonne National Laboratory},
    series={ANL-NDM},
    year={1983},
    number={80}
}

@unpublished{Harvey1999,
    title="",
    author={Harvey, J. A. },
    note={Private communication},
    year={1999}
}

@article{Haesner1983,
    title="Measurement of the $^{3}$He and $^{4}$He Total Neutron Cross
        Sections up to 40 MeV",
    author={Haesner, B. and Heeringa, W. and Klages, H. O. and Dobiasch,
        H. and Schmalz, G. and Schwarz, P. and Wilczynski, J. and
            Zeitnitz, B. and Kappeler, F. },
    journal={Physical Review, Part C, Nuclear Physics},
    volume={28},
    pages={995},
    year={1983},
    number={3},
    doi={10.1103/PhysRevC.28.995},
    URL={http://dx.doi.org/10.1103/PhysRevC.28.995}
}

@article{Goulding1973,
    title="$^{3}$He and $^{4}$He Total Neutron Cross Sections in the MeV
        Region",
    author={Goulding, C. A. and Stoler, P. and Seagrave, J. D. },
    journal={Nuclear Physics, Section A},
    volume={215},
    pages={253},
    year={1973},
    doi={10.1016/0375-9474(73)90654-4},
    URL={http://dx.doi.org/10.1016/0375-9474(73)90654-4}
}

@article{Measday1966,
    title="Neutron Total Cross Sections in the Energy Range 80 to 150 MeV",
    author={Measday, D. F. and Palmieri, J. N. },
    journal={Nuclear Physics},
    volume={85},
    pages={129},
    year={1966},
    doi={10.1016/0029-5582(66)90136-2},
    URL={http://dx.doi.org/10.1016/0029-5582(66)90136-2}
}

@conference{Johnson1973,
    title={{Total neutron cross section of calcium}},
    author={C.H. Johnson and J.L. Fowler and N.W. Hill},
    note={Int.Conf.on Nuclear Physics,Munich 1973},
    volume={1},
    pages={525},
    year={1973}
}

@article{Clement1972,
    title="Hydrogen and Deuterium Total Neutron Cross Sections in the MeV
        Region",
    author={Clement, J. M. and Stoler, P. and Goulding, C. A. and
        Fairchild, R. W. },
    journal={Nuclear Physics, Section A},
    volume={183},
    pages={51},
    year={1972},
    doi={10.1016/0375-9474(72)90930-X},
    URL={http://dx.doi.org/10.1016/0375-9474(72)90930-X}
}

@article{Angeli1970,
    title="Total neutron cross sections and the nuclear Ramsauer effect",
    journal = "Nuclear Physics A",
    volume = "158",
    number = "2",
    pages = "389-392",
    year = "1970",
    issn = "0375-9474",
    doi = "https://doi.org/10.1016/0375-9474(70)90190-9",
    url = "http://www.sciencedirect.com/science/article/pii/0375947470901909",
    author = "I. Angeli and J. Csikai"
}

@book{Perey1976,
    title={{Atomic and Nuclear Data Tables: Compilation of Phenomenological
        Optical-Model Parameters 1954-1975}},
    author="C. M. Perey, F. G. Perey",
    editor="K. Way",
    publisher="Academic Press",
    year="1976",
    volume="17",
    number="1",
    month="Jan."
}

@article{CH89,
    title="A global nucleon optical potential",
    journal = "Physics Reports",
    author = "R. L. Varner and W. J. Thompson and T. L. McAbee and E. J. Ludwig
        and T. B. Clegg",
    volume = "201",
    issue = "2",
    pages = "57-119",
    year = "1991",
    doi = "https://doi.org/10.1016/0370-1573(91)90039-O",
    url = "http://www.sciencedirect.com/science/article/pii/037015739190039O"
}

@article{Carpenter1959,
    title={Search for Resonance Structure of Neutron Cross Sections at 100 Mev},
    author = {S. G. Carpenter and R. Wilson},
    journal = {Physical Review},
    volume = {114},
    number = {2},
    pages = "510-513",
    year = "1959",
    doi = "https://doi.org/10.1103/PhysRev.114.510",
    url = "http://journals.aps.org/pr/pdf/10.1103/PhysRev.114.510"
}

@article{Ahmad1973,
    title="A semi-empirical formula for the neutron total cross section and the
        interpretation of the empirical formula for A$\geq$ 40",
    author = "I. Ahmad and N. Bano and A. N. Saharia",
    journal = "Pramana - J. Phys.",
    volume = "1",
    issue = "4",
    pages = "188-195",
    year = "1973",
    doi = "https://doi.org/10.1007/BF02847190",
    url = "https://link.springer.com/article/10.1007/BF02847190",
    issn = "0973-7111"
}

@article{Mahaux1991,
    author = {Mahaux, C and Sartor, R},
    year = {1991},
    month = {01},
    pages = {1-225},
    title = {{Single-Particle Motion in Nuclei}},
    volume = {20},
    journal = {Advances in Nuclear Physics},
    doi = {10.1007/978-1-4613-9910-0_1}
}

@book{FetterAndWalecka,
    title="Quantum Theory of Many-Particle Systems",
    author="A. L. Fetter and J. D. Walecka",
    publisher="Dover Publications",
    year="2003",
    isbn = "978-0486428277"
}

@article{AME2016,
    title="The AME2016 atomic mass evaluation (II). Table, graphs, and
        references",
    author = "M. Wang and G. Audi and F. G. Kondev and W. Huang and S. Naimi and X. Xi",
    journal = "Chinese Physics C",
    volume = "41",
    number = "3",
    pages = "030003",
    year = "2017",
    doi = "https://doi.org/10.1088/1674-1137/41/3/030003"
}

@article{DeVries1987,
    title = "Nuclear Charge-Density-Distribution Parameters From Elastic
        Electron Scattering",
    author = "H. De Vries and C. W. De Jager and C. De Vries",
    journal = "Atomic Data and Nuclear Data Tables",
    volume = "36",
    issue = "3",
    pages = "495-536",
    year = "1987",
    publisher = "Elsevier",
    doi = "10.1016/0092-640X(87)90013-1",
    url = "https://www.sciencedirect.com/science/article/pii/0092640X87900131"
}

@article{Mougey1980,
    title = {The (e,e'p) Reaction},
    author = {J. Mougey},
    journal = {Nuclear Physics A},
    volume = {335},
    issue = {1-2},
    pages = {35-53},
    year = {1980},
    publisher = {North Holland Publishing Company},
    doi ={10.1016/0375-9474(80)90165-7},
    url = {https://www.sciencedirect.com/science/article/pii/0375947480901657}
}

@article{Jacob1966,
    title = "Quasi-Free Scattering and Nuclear Structure.",
    author = "G. Jacob and Th. A. J. Maris",
    journal = "Reviews of Modern Physics",
    volume = "38",
    number = "1",
    pages = "121-142",
    year = "1966",
    publisher = "American Physical Society",
    doi = "10.1103/RevModPhys.38.121",
}

@article{Jacob1973,
    title = "Quasi-Free Scattering and Nuclear Structure. II.",
    author = "G. Jacob and Th. A. J. Maris",
    journal = "Reviews of Modern Physics",
    volume = "45",
    number = "1",
    pages = "6-21",
    year = "1973",
    publisher = "American Physical Society",
    doi = "10.1103/RevModPhys.45.6"
}

@article{Abfalterer1998,
    title = {Inadequacies of the Nonrelativistic 3N Hamiltonian in Describing
        the n+d Total Cross Section},
    author = {W. P. Abfalterer and F. B. Bateman and F. S. Dietrich and Ch.
        Elster and R. W. Finlay and W. Gl{\"o}ckle and J. Golak and R. C. Haight and D.
        H{\"u}ber and G.  L Morgan and and H. Witala},
    journal = {Physical Review Letters},
    volume = {81},
    number = {1},
    page = {57-60},
    year = {1998},
    publisher = {American Physical Society},
    doi = {10.1103/PhysRevLett.81.57}
}

@article{Dickhoff2018,
    title = {Recent developments for the optical model of nuclei},
    author = {W. H. Dickhoff and R. J. Charity},
    journal = {Progress in Particle and Nuclear Physics},
    year = {2018},
    publisher = {Elsevier},
    doi = {10.1016/j.ppnp.2018.11.002}
}

@misc{EXFORDatabase,
    author = "Experimental Nuclear Reaction Data (EXFOR)",
    url = "https://www-nds.iaea.org/exfor/exfor.htm",
    note = "Accessed 2018-3-10 to 2019-4-1"
}

@article{KoningDelaroche,
    title = {{Local and global nucleon optical models from 1 keV to 200 MeV}},
    journal = "Nuclear Physics A",
    volume = "713",
    number = "3",
    pages = "231 - 310",
    year = "2003",
    issn = "0375-9474",
    doi = "https://doi.org/10.1016/S0375-9474(02)01321-0",
    url = "http://www.sciencedirect.com/science/article/pii/S0375947402013210",
    author = "A.J. Koning and J.P. Delaroche"
}

@phdthesis{PruittPhDThesis,
    author={Pruitt, Cole},
    year={2019},
    title={{Isotopically-Resolved Neutron Cross Sections as Probe of the Nuclear
    Optical Potential}},
    school={Washington University in St Louis},
    language={English},
}

@phdthesis{AtkinsonPhDThesis,
    author={Atkinson, Mack},
    year={2019},
    title={{Developing nucleon self-energies to generate the ingredients for the
    description of nuclear reactions}},
    school={Washington University in St Louis},
    language={English},
}

@article{Carlson1996,
title = "Proton-Nucleus Total Reaction Cross Sections and Total Cross Sections Up to 1 GeV",
journal = "Atomic Data and Nuclear Data Tables",
volume = "63",
number = "1",
pages = "93 - 116",
year = "1996",
issn = "0092-640X",
doi = "https://doi.org/10.1006/adnd.1996.0010",
url = "http://www.sciencedirect.com/science/article/pii/S0092640X96900108",
author = "R.F. Carlson"
}
